% Encoding: windows-1252

@ARTICLE{Doll1954,
  author = {Doll, Richard and Hill, A Bradford},
  title = {The mortality of doctors in relation to their smoking habits: a preliminary
	report},
  journal = {British Medical Journal},
  year = {1954},
  volume = {328},
  pages = {1529-1533},
  number = {7455},
  owner = {jbuy519},
  timestamp = {2014.03.28}
}

@BOOK{Moore2002,
  title = {Introduction to the Practice of Statistics},
  publisher = {W. H. Freeman},
  year = {2002},
  author = {Moore, David and McCabe, George},
  owner = {jbuy519},
  timestamp = {2014.01.28}
}

@BOOK{Smits2011,
  title = {Onderzoek met SPSS en Excel},
  publisher = {Pearson Education},
  year = {2011},
  author = {Smits, Johan and Edens, Ronald},
  owner = {jbuy519},
  timestamp = {2014.01.23}
}

@Thesis{Khazaei2017,
  author      = {Khazaei, Hamzeh and Bannazadeh, Hadi and Leon-Garcia, Alberto},
  title       = {SAVI-IoT: A Self-Managing Containerized IoT Platform},
  type        = {mathesis},
  institution = {University of Toronto, Ontario, Canada},
  year        = {2017},
  date        = {2017-08-01},
}

@Thesis{Shadija2017,
  author      = {Shadija, Dharmendra and Rezai, Mo and Hill, Richard},
  title       = {Towards an Understanding of Microservices},
  type        = {mathesis},
  institution = {Department of Computing Sheffield Hallam University, UK and School of Computing and Engineering University of Huddersfield, UK},
  year        = {2017},
  date        = {2017-09-07},
}

@Conference{Cherradi2017,
  author = {Cherradi, Ghyzlane and El Bouziri, Adil and Boulmakoul, Azedine},
  title  = {A Generic microservice-based architecture for Smart HazMat Transportation Ecosystem},
  year   = {2017},
  date   = {2017-11-01},
}

@Thesis{Nycander2015,
  author      = {Nycander, Peter},
  title       = {Learning-Based Testing of Microservices},
  type        = {mathesis},
  institution = {KTH Royal Institute of Technology, School of Computer Science and Communication (CSC)},
  year        = {2015},
  date        = {2015-06-01},
}

@Comment{jabref-meta: databaseType:biblatex;}
